%% This BibTeX bibliography file was created using BibDesk.
%% https://bibdesk.sourceforge.io/

%% Created for Keaton Quinn at 2020-05-13 16:36:57 -0400 


%% Saved with string encoding Unicode (UTF-8) 



@article{quinn2020,
	Author = {Quinn, Keaton},
	Date-Added = {2020-05-13 16:36:18 -0400},
	Date-Modified = {2020-05-13 16:36:57 -0400},
	Fjournal = {Proceedings of the American Mathematical Society},
	Journal = {Proc. Amer. Math. Soc.},
	Number = {3},
	Pages = {1239--1253},
	Title = {Asymptotically {P}oincar\'{e} surfaces in quasi-{F}uchsian manifolds},
	Volume = {148},
	Year = {2020},
	Bdsk-Url-1 = {https://mathscinet-ams-org.proxy.cc.uic.edu/mathscinet-getitem?mr=4055951}}

@book{tromba1992,
	Author = {Tromba, Anthony J.},
	Date-Added = {2019-11-30 16:56:11 -0800},
	Date-Modified = {2019-11-30 16:56:11 -0800},
	Isbn = {3-7643-2735-9},
	Note = {Lecture notes prepared by Jochen Denzler},
	Pages = {220},
	Publisher = {Birkh{\"a}user Verlag, Basel},
	Series = {Lectures in Mathematics ETH Z{\"u}rich},
	Title = {Teichm{\"u}ller theory in {R}iemannian geometry},
	Url = {https://doi.org/10.1007/978-3-0348-8613-0},
	Year = {1992},
	Bdsk-File-1 = {YnBsaXN0MDDSAQIDBFxyZWxhdGl2ZVBhdGhZYWxpYXNEYXRhbxBKAC4ALgAvAC4ALgAvAEwAaQBiAHIAYQByAHkALwBUAHIAbwBtAGIAYQAgADEAOQA5ADIAIAAtACAAVABlAGkAYwBoAG0AdQMIAGwAbABlAHIAIAB0AGgAZQBvAHIAeQAgAGkAbgAgAFIAaQBlAG0AYQBuAG4AaQBhAG4AIABnAGUAbwBtAGUAdAByAHkALgBwAGQAZk8RAiQAAAAAAiQAAgAADE1hY2ludG9zaCBIRAAAAAAAAAAAAAAAAAAAAAAAAABCRAAB/////x9Ucm9tYmEgMTk5MiAtIFRlaWMjRkZGRkZGRkYucGRmAAAAAAAAAAAAAAAAAAAAAAAAAAAAAAAAAAAAAAAAAAD/////AAAAAAAAAAAAAAAAAAIAAgAACiBjdQAAAAAAAAAAAAAAAAAHTGlicmFyeQAAAgBnLzpVc2VyczprZWF0b246RG9jdW1lbnRzOkdyYWR1YXRlOkxpYnJhcnk6VHJvbWJhIDE5OTIgLSBUZWljaG11zIhsbGVyIHRoZW9yeSBpbiBSaWVtYW5uaWFuIGdlb21ldHJ5LnBkZgAADgB6ADwAVAByAG8AbQBiAGEAIAAxADkAOQAyACAALQAgAFQAZQBpAGMAaABtAHUDCABsAGwAZQByACAAdABoAGUAbwByAHkAIABpAG4AIABSAGkAZQBtAGEAbgBuAGkAYQBuACAAZwBlAG8AbQBlAHQAcgB5AC4AcABkAGYADwAaAAwATQBhAGMAaQBuAHQAbwBzAGgAIABIAEQAEgBlVXNlcnMva2VhdG9uL0RvY3VtZW50cy9HcmFkdWF0ZS9MaWJyYXJ5L1Ryb21iYSAxOTkyIC0gVGVpY2htdcyIbGxlciB0aGVvcnkgaW4gUmllbWFubmlhbiBnZW9tZXRyeS5wZGYAABMAAS8AABUAAgAN//8AAAAIAA0AGgAkALsAAAAAAAACAQAAAAAAAAAFAAAAAAAAAAAAAAAAAAAC4w==},
	Bdsk-Url-1 = {http://mathscinet.ams.org/mathscinet-getitem?mr=1164870}}

@unpublished{mazzoli2019,
	Archiveprefix = {arXiv},
	Author = {Filippo Mazzoli},
	Date-Added = {2019-10-16 10:15:12 -0500},
	Date-Modified = {2019-10-16 11:54:48 -0500},
	Eprint = {1910.06203},
	Note = {preprint \href{https://arxiv.org/abs/1910.06203}{arXiv:1910.06203}},
	Primaryclass = {math.DG},
	Title = {Constant {G}aussian curvature foliations and {S}chl{\"a}fli formulas of hyperbolic $3$-manifolds},
	Year = {2019}}

@unpublished{wang2008,
	Archiveprefix = {arXiv},
	Author = {Biao Wang},
	Date-Added = {2019-10-14 16:11:25 -0500},
	Date-Modified = {2019-10-16 11:55:09 -0500},
	Eprint = {0809.4057},
	Note = {available at \href{https://arxiv.org/abs/0809.4057}{arXiv:0809.4057}},
	Primaryclass = {math.DG},
	School = {\href{https://arxiv.org/abs/0809.4057}{arXiv:0809.4057}},
	Title = {Foliations for Quasi-{F}uchsian 3-Manifolds},
	Year = {2008}}

@article{xiaoxuan-faes2019,
	Author = {Liu, Xiaoxuan and Faes, Livia and Kale, Aditya U and Wagner, Siegfried K and Fu,Dun Jack and Bruynseels,Alice and Mahendiran,Thushika and Moraes,Gabriella and Shamdas,Mohith and Kern,Christoph and Ledsam,Joseph R and Schmid,Martin K and Balaskas,Konstantinos and Topol,Eric J and Bachmann,Lucas M and Keane,Pearse A and Denniston,Alastair K},
	Date-Added = {2019-10-09 17:50:56 -0500},
	Date-Modified = {2019-10-14 14:27:10 -0500},
	Issue = {6},
	Journal = {The Lancet Digital Health},
	Month = {Septemeber},
	Pages = {e271-e297},
	Title = {A comparison of deep learning performance against health-care professionals in detecting diseases from medical imaging: a systematic review and meta-analysis},
	Volume = {1},
	Year = {2019}}

@incollection{uhlenbeck1983,
	Author = {Uhlenbeck, Karen K.},
	Booktitle = {Seminar on minimal submanifolds},
	Date-Added = {2019-10-09 17:41:39 -0500},
	Date-Modified = {2019-10-16 12:02:12 -0500},
	Pages = {147--168},
	Publisher = {Princeton Univ. Press, Princeton, NJ},
	Series = {Ann. of Math. Stud.},
	Title = {Closed minimal surfaces in hyperbolic {$3$}-manifolds},
	Volume = {103},
	Year = {1983},
	Bdsk-Url-1 = {https://mathscinet.ams.org/mathscinet-getitem?mr=795233}}

@article{ciobotaru-moroianu2016,
	Author = {Ciobotaru, Corina and Moroianu, Sergiu},
	Date-Added = {2019-10-09 17:37:23 -0500},
	Date-Modified = {2019-10-09 17:37:56 -0500},
	Doi = {10.1090/proc/12682},
	Fjournal = {Proceedings of the American Mathematical Society},
	Issn = {0002-9939},
	Journal = {Proc. Amer. Math. Soc.},
	Number = {1},
	Pages = {151--159},
	Title = {Positivity of the renormalized volume of almost-{F}uchsian hyperbolic 3-manifolds},
	Volume = {144},
	Year = {2016},
	Bdsk-Url-1 = {https://mathscinet.ams.org/mathscinet-getitem?mr=3415585},
	Bdsk-Url-2 = {https://doi.org/10.1090/proc/12682}}

@article{schlenker2013,
	Author = {Schlenker, Jean-Marc},
	Date-Added = {2019-10-09 17:36:22 -0500},
	Date-Modified = {2019-10-09 17:36:40 -0500},
	Doi = {10.4310/MRL.2013.v20.n4.a12},
	Fjournal = {Mathematical Research Letters},
	Issn = {1073-2780},
	Journal = {Math. Res. Lett.},
	Number = {4},
	Pages = {773--786},
	Title = {The renormalized volume and the volume of the convex core of quasifuchsian manifolds},
	Volume = {20},
	Year = {2013},
	Bdsk-Url-1 = {https://mathscinet.ams.org/mathscinet-getitem?mr=3188032},
	Bdsk-Url-2 = {https://doi.org/10.4310/MRL.2013.v20.n4.a12}}

@article{krasnov-schlenker2008,
	Author = {Krasnov, Kirill and Schlenker, Jean-Marc},
	Date-Added = {2019-10-09 17:33:46 -0500},
	Date-Modified = {2019-10-09 17:34:15 -0500},
	Doi = {10.1007/s00220-008-0423-7},
	Fjournal = {Communications in Mathematical Physics},
	Issn = {0010-3616},
	Journal = {Comm. Math. Phys.},
	Number = {3},
	Pages = {637--668},
	Title = {On the renormalized volume of hyperbolic 3-manifolds},
	Volume = {279},
	Year = {2008},
	Bdsk-Url-1 = {https://mathscinet.ams.org/mathscinet-getitem?mr=2386723},
	Bdsk-Url-2 = {https://doi.org/10.1007/s00220-008-0423-7}}

@article{bridgeman-brock-bromberg2019,
	Author = {Bridgeman, Martin and Brock, Jeffrey and Bromberg, Kenneth},
	Date-Added = {2019-10-04 16:00:56 -0500},
	Date-Modified = {2019-10-04 16:01:22 -0500},
	Doi = {10.1215/00127094-2018-0061},
	Fjournal = {Duke Mathematical Journal},
	Issn = {0012-7094},
	Journal = {Duke Math. J.},
	Number = {5},
	Pages = {867--896},
	Title = {Schwarzian derivatives, projective structures, and the {W}eil-{P}etersson gradient flow for renormalized volume},
	Volume = {168},
	Year = {2019},
	Bdsk-Url-1 = {https://mathscinet.ams.org/mathscinet-getitem?mr=3934591},
	Bdsk-Url-2 = {https://doi.org/10.1215/00127094-2018-0061}}

@article{brock-bromberg2016,
	Author = {Brock, Jeffrey F. and Bromberg, Kenneth W.},
	Date-Added = {2019-10-04 15:48:00 -0500},
	Date-Modified = {2019-10-04 15:48:26 -0500},
	Doi = {10.4310/MRL.2016.v23.n3.a4},
	Fjournal = {Mathematical Research Letters},
	Issn = {1073-2780},
	Journal = {Math. Res. Lett.},
	Number = {3},
	Pages = {649--674},
	Title = {Inflexibility, {W}eil-{P}eterson distance, and volumes of fibered 3-manifolds},
	Volume = {23},
	Year = {2016},
	Bdsk-Url-1 = {https://mathscinet.ams.org/mathscinet-getitem?mr=3533189},
	Bdsk-Url-2 = {https://doi.org/10.4310/MRL.2016.v23.n3.a4}}

@article{bromberg2004,
	Author = {Bromberg, Kenneth W.},
	Date-Added = {2019-10-04 15:31:10 -0500},
	Date-Modified = {2019-10-14 16:19:46 -0500},
	Doi = {10.1090/S0894-0347-04-00462-X},
	Fjournal = {Journal of the American Mathematical Society},
	Issn = {0894-0347},
	Journal = {J. Amer. Math. Soc.},
	Number = {4},
	Pages = {783--826},
	Title = {Hyperbolic cone-manifolds, short geodesics, and {S}chwarzian derivatives},
	Volume = {17},
	Year = {2004},
	Bdsk-Url-1 = {https://mathscinet.ams.org/mathscinet-getitem?mr=2083468},
	Bdsk-Url-2 = {https://doi.org/10.1090/S0894-0347-04-00462-X}}

@inproceedings{ganea2018,
	Author = {Ganea, Octavian and Becigneul, Gary and Hofmann, Thomas},
	Booktitle = {Advances in Neural Information Processing Systems 31},
	Date-Added = {2019-10-04 15:22:40 -0500},
	Date-Modified = {2019-10-04 15:27:22 -0500},
	Pages = {5345--5355},
	Publisher = {Curran Associates, Inc.},
	Title = {Hyperbolic Neural Networks},
	Url = {http://papers.nips.cc/paper/7780-hyperbolic-neural-networks.pdf},
	Year = {2018},
	Bdsk-Url-1 = {http://papers.nips.cc/paper/7780-hyperbolic-neural-networks.pdf}}

@article{freeman2018,
	Author = {Freeman, Jon},
	Date-Added = {2019-09-25 17:15:00 -0500},
	Date-Modified = {2019-09-26 20:17:02 -0500},
	Journal = {Nature},
	Number = {7712},
	Pages = {27-28},
	Title = {LGBTQ scientists are still left out},
	Volume = {559},
	Year = {2018}}

@article{desa2018,
	Author = {De Sa, Christopher and Gu, Albert and R{\'e}, Christopher and Sala, Frederic},
	Date-Added = {2019-09-25 17:04:16 -0500},
	Date-Modified = {2019-09-25 17:10:12 -0500},
	Journal = {Proceedings of machine learning research},
	Pages = {4460--4469},
	Title = {Representation Tradeoffs for Hyperbolic Embeddings},
	Volume = {80},
	Year = {2018}}

@article{dumas2017,
	Author = {Dumas, David},
	Date-Added = {2019-09-24 13:47:18 -0500},
	Date-Modified = {2019-09-24 13:47:30 -0500},
	Doi = {10.1016/j.aim.2017.05.021},
	Fjournal = {Advances in Mathematics},
	Issn = {0001-8708},
	Journal = {Adv. Math.},
	Mrclass = {53C29 (30F30)},
	Mrnumber = {3667590},
	Mrreviewer = {Yasushi Yamashita},
	Pages = {427--473},
	Title = {Holonomy limits of complex projective structures},
	Url = {https://mathscinet.ams.org/mathscinet-getitem?mr=3667590},
	Volume = {315},
	Year = {2017},
	Bdsk-Url-1 = {https://mathscinet.ams.org/mathscinet-getitem?mr=3667590},
	Bdsk-Url-2 = {https://doi.org/10.1016/j.aim.2017.05.021}}

@article{andersson-moncrief-tromba1997,
	Author = {Andersson, Lars and Moncrief, Vincent and Tromba, Anthony J.},
	Date-Added = {2019-09-24 13:29:46 -0500},
	Date-Modified = {2019-09-24 13:30:12 -0500},
	Doi = {10.1016/S0393-0440(97)87804-7},
	Fjournal = {Journal of Geometry and Physics},
	Issn = {0393-0440},
	Journal = {J. Geom. Phys.},
	Number = {3-4},
	Pages = {191--205},
	Title = {On the global evolution problem in {$2+1$} gravity},
	Volume = {23},
	Year = {1997},
	Bdsk-Url-1 = {https://mathscinet.ams.org/mathscinet-getitem?mr=1484587},
	Bdsk-Url-2 = {https://doi.org/10.1016/S0393-0440(97)87804-7}}

@article{huang-wang2013,
	Author = {Huang, Zheng and Wang, Biao},
	Date-Added = {2019-09-24 13:28:06 -0500},
	Date-Modified = {2019-09-24 13:28:27 -0500},
	Doi = {10.1090/S0002-9947-2013-05749-2},
	Fjournal = {Transactions of the American Mathematical Society},
	Issn = {0002-9947},
	Journal = {Trans. Amer. Math. Soc.},
	Number = {9},
	Pages = {4679--4698},
	Title = {On almost-{F}uchsian manifolds},
	Volume = {365},
	Year = {2013},
	Bdsk-Url-1 = {https://mathscinet.ams.org/mathscinet-getitem?mr=3066768},
	Bdsk-Url-2 = {https://doi.org/10.1090/S0002-9947-2013-05749-2}}

@article{mazzeo-pacard2011,
	Author = {Mazzeo, Rafe and Pacard, Frank},
	Date-Added = {2019-09-24 13:27:02 -0500},
	Date-Modified = {2019-09-24 13:27:28 -0500},
	Doi = {10.4171/RMI/637},
	Fjournal = {Revista Matem\'{a}tica Iberoamericana},
	Issn = {0213-2230},
	Journal = {Rev. Mat. Iberoam.},
	Number = {1},
	Pages = {303--333},
	Title = {Constant curvature foliations in asymptotically hyperbolic spaces},
	Volume = {27},
	Year = {2011},
	Bdsk-Url-1 = {https://mathscinet.ams.org/mathscinet-getitem?mr=2815739},
	Bdsk-Url-2 = {https://doi.org/10.4171/RMI/637}}

@unpublished{epstein1984,
	Author = {Epstein, Charles L.},
	Date-Added = {2019-09-24 13:21:00 -0500},
	Date-Modified = {2019-09-24 13:22:48 -0500},
	Note = {preprint},
	Title = {Envelopes of horospheres and Weingarten surfaces in hyperbolic 3-space},
	Year = {1984}}

@article{labourie1992,
	Author = {Labourie, Fran\c{c}ois},
	Date-Added = {2019-09-24 13:20:03 -0500},
	Date-Modified = {2019-09-24 13:20:27 -0500},
	Doi = {10.1112/jlms/s2-45.3.549},
	Fjournal = {Journal of the London Mathematical Society. Second Series},
	Journal = {J. London Math. Soc. (2)},
	Number = {3},
	Pages = {549--565},
	Title = {Surfaces convexes dans l'espace hyperbolique et {${\bf C}{\rm P}^1$}-structures},
	Volume = {45},
	Year = {1992},
	Bdsk-Url-1 = {https://mathscinet.ams.org/mathscinet-getitem?mr=1180262},
	Bdsk-Url-2 = {https://doi.org/10.1112/jlms/s2-45.3.549}}

@article{labourie1991,
	Author = {Labourie, Fran\c{c}ois},
	Date-Added = {2019-09-24 13:19:04 -0500},
	Date-Modified = {2019-09-24 13:19:32 -0500},
	Fjournal = {Bulletin de la Soci\'{e}t\'{e} Math\'{e}matique de France},
	Journal = {Bull. Soc. Math. France},
	Number = {3},
	Pages = {307--325},
	Title = {Probl{\`e}me de {M}inkowski et surfaces {\`a} courbure constante dans les vari\'{e}t\'{e}s hyperboliques},
	Volume = {119},
	Year = {1991},
	Bdsk-Url-1 = {https://mathscinet.ams.org/mathscinet-getitem?mr=1125669}}
